<record><leader>00000cas a22000007a 4500</leader><controlfield tag="001">13204157</controlfield><controlfield tag="008">860227d19151957inuwr ne      0    0eng d</controlfield><datafield ind1=" " ind2=" " tag="010"><subfield code="a">sn 86058049 </subfield></datafield><datafield ind1=" " ind2=" " tag="040"><subfield code="a">NPI</subfield><subfield code="b">eng</subfield><subfield code="c">NPI</subfield><subfield code="d">OCLCQ</subfield></datafield><datafield ind1=" " ind2=" " tag="042"><subfield code="a">msc</subfield></datafield><datafield ind1="0" ind2=" " tag="130"><subfield code="a">Williamsport pioneer (Williamsport, Ind. : 1915)</subfield></datafield><datafield ind1="1" ind2="4" tag="245"><subfield code="a">The Williamsport pioneer.</subfield></datafield><datafield ind1=" " ind2=" " tag="260"><subfield code="a">Williamsport, Ind. :</subfield><subfield code="b">T.A. Clifton &amp; Son,</subfield><subfield code="c">-1957.</subfield></datafield><datafield ind1=" " ind2=" " tag="300"><subfield code="a">v. :</subfield><subfield code="b">ill. ;</subfield><subfield code="c">55 cm.</subfield></datafield><datafield ind1=" " ind2=" " tag="310"><subfield code="a">Weekly</subfield></datafield><datafield ind1="1" ind2=" " tag="362"><subfield code="a">Began in May 1915.</subfield></datafield><datafield ind1="0" ind2=" " tag="362"><subfield code="a">-v. 42, no. 11 (Mar. 14, 1957).</subfield></datafield><datafield ind1=" " ind2=" " tag="588"><subfield code="a">Description based on: New ser., v. 1, no. 7 (June 18, 1915)= old v. 71, no. 27.</subfield></datafield><datafield ind1=" " ind2=" " tag="752"><subfield code="a">United States</subfield><subfield code="b">Indiana</subfield><subfield code="c">Warren</subfield><subfield code="d">Williamsport.</subfield></datafield><datafield ind1="0" ind2="0" tag="780"><subfield code="t">Warren Republican (Williamsport, Ind. : 1915)</subfield><subfield code="w">(DLC)sn 86059118</subfield><subfield code="w">(OCoLC)14985797</subfield></datafield><datafield ind1="0" ind2="0" tag="785"><subfield code="t">Pioneer</subfield><subfield code="w">(DLC)sn 86059111</subfield></datafield><datafield ind1="1" ind2=" " tag="029"><subfield code="a">AU@</subfield><subfield code="b">000023450760</subfield></datafield></record>